<record><leader>00000cas a22000007a 4500</leader><controlfield tag="001">9317921</controlfield><controlfield tag="008">830317d18681868mnuwr ne      0   b0nor d</controlfield><controlfield tag="009">3770</controlfield><datafield ind1=" " ind2=" " tag="010"><subfield code="a">sn 83025222 </subfield></datafield><datafield ind1=" " ind2=" " tag="040"><subfield code="a">NPV</subfield><subfield code="b">eng</subfield><subfield code="c">NPV</subfield></datafield><datafield ind1="1" ind2=" " tag="029"><subfield code="a">AU@</subfield><subfield code="b">000025809917</subfield></datafield><datafield ind1=" " ind2=" " tag="042"><subfield code="a">msc</subfield></datafield><datafield ind1=" " ind2=" " tag="043"><subfield code="a">n-us-mn</subfield></datafield><datafield ind1=" " ind2=" " tag="045"><subfield code="a">w6w6</subfield></datafield><datafield ind1=" " ind2=" " tag="052"><subfield code="a">4143</subfield><subfield code="b">W8</subfield></datafield><datafield ind1="0" ind2=" " tag="130"><subfield code="a">Folkevennen (Winona, Minn. : 1868)</subfield></datafield><datafield ind1="0" ind2="0" tag="245"><subfield code="a">Folkevennen.</subfield></datafield><datafield ind1=" " ind2=" " tag="260"><subfield code="a">Winona, Minn. :</subfield><subfield code="b">J.J. Green,</subfield><subfield code="c">1868.</subfield></datafield><datafield ind1=" " ind2=" " tag="300"><subfield code="a">1 v. :</subfield><subfield code="b">ill. (chiefly adv.)</subfield></datafield><datafield ind1=" " ind2=" " tag="310"><subfield code="a">Weekly</subfield></datafield><datafield ind1="0" ind2=" " tag="362"><subfield code="a">1ste Aarg., nr. 1 (15de juni, 1868)-1ste aarg., nr. 21 (5te nov, 1868).</subfield></datafield><datafield ind1=" " ind2=" " tag="521"><subfield code="a">"The only Democratic, Scandinavian paper in Minnesota."</subfield></datafield><datafield ind1=" " ind2=" " tag="500"><subfield code="a">Editor: T. Seemann.</subfield></datafield><datafield ind1="1" ind2=" " tag="700"><subfield code="a">Seemann, T.</subfield></datafield><datafield ind1=" " ind2=" " tag="752"><subfield code="a">United States</subfield><subfield code="b">Minnesota</subfield><subfield code="c">Winona</subfield><subfield code="d">Wimona</subfield></datafield></record>